1627 2818
570 250 902 302 CORONIS.
1340 169 1406 237 47

163 449 204 478 1.
246 429 397 496 Siglas
434 431 577 500 igitur
611 429 943 496 Pompeiorum
976 428 1206 480 ἰδῑωτικικς
1243 428 1304 476 D.
1330 428 1397 476 V.

86 519 146 563 V.
176 518 234 572 A.
274 517 324 565 S.
365 517 415 563 P.
457 518 513 564 P.
540 557 552 577 ‚
592 520 628 564 si
653 527 829 564 certam
848 517 1035 565 illarum
1069 523 1271 565 aetatem
1296 532 1404 581 spe—-

87 615 180 653 ctes
202 643 215 666 ,
253 622 393 672 quam
426 622 483 652 ex
518 605 642 652 notis
677 603 1010 652 Consularibus
1047 603 1267 672 colligere
1296 604 1391 672 gia-

83 702 160 739 tur
182 731 194 751 ‚
249 694 517 758 Augustaea
570 693 689 738 intra
711 728 724 750 ‚
782 691 1124 756 Tiberianaque
1178 677 1392 758 tempora

89 775 348 834 concludi,
385 776 540 841 palam
587 785 655 824 est
676 813 689 836 ‚
729 776 1094 844 Ministrosque
1130 776 1350 844 Augusti
1378 813 1395 839 ,

86 866 213 929 quod
250 864 452 913 Octavio
490 863 645 911 adhuc
683 865 822 923 viv0,
860 865 909 910 in
946 862 1108 911 medio
1146 881 1193 919 se
1239 862 1391 925 dent,

81 950 196 998 nihil
232 969 346 999 cum
385 950 723 1016 Augustalibus
759 967 1004 998 commune
1038 950 1227 998 habere.
1267 950 1391 999 Inde

84 1037 227 1084 ducta
264 1038 550 1095 coniectura,
583 1036 670 1082 sub
689 1045 853 1101 quarta
875 1036 1041 1084 initiali
1059 1036 1101 1083 A
1118 1035 1391 1103 Augustum

84 1120 224 1169 latere
240 1123 408 1187 potiu5,
429 1138 685 1187 omnesque
704 1116 768 1169 sic
781 1124 1069 1170 continenter
1080 1122 1219 1171 reddi
1231 1142 1388 1190 posse:

126 1209 381 1257 Duumvz'r’.
424 1209 589 1256 P'otis.
628 1208 845 1274 August.
887 1213 1043 1258 salvo.
1083 1210 1338 1277 Pompeis.

561 1295 915 1358 procurandis.

149 1394 199 1425 2.
241 1377 386 1437 Quod.
421 1381 459 1426 si
496 1379 609 1427 alibi
640 1420 652 1441 ‚
689 1390 873 1446 praeter
896 1379 1237 1448 Pompeiorum
1254 1384 1392 1433 tabu-

81 1463 147 1510 las
176 1502 190 1524 ,
229 1464 419 1513 easdem
473 1466 706 1515 offendere
759 1468 875 1516 forte
909 1468 1094 1519 fortuna
1140 1471 1220 1519 fiat
1242 1510 1257 1532 ,
1294 1490 1389 1521 non

83 1550 352 1613 abnuerim,
390 1552 478 1601 hoc
500 1592 514 1615 ,
554 1553 630 1604 vel
667 1552 812 1601 simili
845 1554 984 1602 modo
1021 1574 1280 1622 exponere:

149 1638 216 1683 D.
259 1638 326 1686 V.
371 1640 489 1688 Vot.
532 1640 658 1706 ad(
694 1640 767 1690 vel
803 1642 987 1691 a'nnuis
1024 1643 1045 1709 )
1079 1643 1245 1693 Salat.
1287 1662 1385 1709 pu·-

87 1721 204 1771 blie.
243 1727 599 1794 procurandis.

149 1810 302 1862 Salvo
336 1812 565 1880 Augusto
585 1852 597 1875 ,
636 1815 804 1866 Salvis
839 1813 1110 1881 AugzcstiS,
1150 1816 1284 1866 tritae
1308 1817 1391 1867 ad-

82 1896 275 1944 modam
310 1900 536 1950 formulae
556 1943 568 1964 ,
609 1904 1049 1971 vulgatissimaeque
1069 1943 1082 1964 ,
1121 1921 1319 1969 quarum
1342 1906 1392 1954 in

81 1984 372 2034 cumulandis
409 1990 635 2055 exemplis
670 1991 740 2038 nil
775 2009 892 2059 opus
916 2031 927 2052 ,
969 2002 1021 2040 ut
1043 1991 1292 2040 Lectorem
1326 1992 1392 2040 fa-

80 2070 319 2137 tigemus3
360 2076 440 2121 cui·
471 2077 605 2124 facile
640 2094 725 2142 per
763 2081 1047 2127 occasionem
1081 2079 1132 2126 in
1183 2086 1395 2128 mentem

82 2159 262 2205 venerit
297 2160 553 2210 Phedridni
590 2163 752 2211 illius:
792 2164 950 2229 Salvo⁸
980 2166 1241 2232 Principe.

149 2243 195 2289 3.
236 2246 469 2295 Marmora
499 2250 698 2314 proinde
735 2249 848 2297 haec
874 2252 1160 2319 Pompeiana
1194 2252 1383 2301 univer-

86 2345 131 2376 sa
168 2330 223 2379 V
221 2336 395 2394 otivis,
438 2340 695 2403 sacrisque
732 2354 824 2386 esse
861 2337 1208 2389 adnumeranda
1231 2375 1245 2402 ,
1278 2352 1390 2404 quo⁶
