1627 2818
1365 189 1430 237 23

123 276 219 323 duo
271 289 367 322 esse
403 268 619 334 Liberti,
661 289 865 339 quorum
903 272 1037 322 alteri
1070 272 1328 340 Ser-apae,
1370 275 1438 323 al-

121 361 209 410 teri
244 362 441 429 Papiae
477 361 681 409 inditum
717 360 994 428 cognomeh.
1038 361 1095 409 In
1122 361 1443 412 Duumvirfim

121 460 226 498 tum
265 448 303 495 Ι.
335 449 396 495 D.
425 486 438 509 ,
477 457 582 494 tum
617 447 995 497 Sacerdotalium
1031 449 1299 497 nominibus
1325 466 1436 496 con-

124 536 362 604 signandis
390 536 540 600 ὑςερον
571 553 787 600 προτερον
807 536 956 601 magis
993 535 1274 596 notandum,
1302 534 1434 600 quod

120 640 180 670 ne
218 619 395 670 temere
430 624 609 670 factum
660 623 916 689 cogitemus
939 659 952 681 ‚
992 621 1252 668 monebunt
1305 621 1433 668 tituli

120 708 201 755 alii
236 709 571 774 Pompeiorum
607 708 870 773 geminati,
909 707 960 753 in
996 707 1168 772 quibus
1219 708 1436 754 eamdem

118 795 198 848 τήν
234 796 496 853 όῑκονομιαν
534 802 760 844 servatam
795 809 982 840 cernere
1038 801 1124 839 est.
1168 791 1333 838 Nodus
1370 793 1440 837 in-

119 883 256 930 terim
309 882 499 932 vindice
554 883 745 949 dignus.
785 881 942 928 Eccur
994 880 1041 924 in
1080 878 1246 925 eadem
1280 894 1331 923 re
1366 895 1438 924 sa<-

118 987 194 1017 cra
217 1007 227 1027 ‚
267 969 461 1016 modico
498 969 620 1016 inter
674 985 721 1016 se
757 965 1031 1014 discrimine
1056 1002 1068 1024 ,
1108 962 1296 1010 tabulae
1348 964 1433 1011 du·-

118 1055 366 1121 plicatae?
404 1055 681 1113 Mercurio,
741 1053 990 1117 Maiaeque
1051 1068 1258 1123 saprum
1312 1059 1439 1097 utro-

120 1142 265 1206 bique
289 1159 300 1188 :
343 1141 564 1189 Ministri
598 1140 839 1204 utrimque
865 1140 960 1185 fere
985 1138 1165 1193 iidem3
1206 1136 1438 1185 Duumvi—

120 1228 161 1274 ri
196 1227 377 1293 generis
415 1226 661 1288 utriusque
697 1226 819 1288 ipsi:
861 1240 1008 1270 annus
1044 1223 1323 1288 ipsissimus,
1364 1223 1438 1269 Ex

116 1313 204 1360 hoc
241 1310 523 1377 posteriori,
560 1310 608 1355 ni
645 1309 815 1368 fallor,
855 1310 962 1356 filus
1001 1309 1267 1357 ducendus.
1316 1308 1440 1356 Cum

122 1399 249 1446 enim
285 1397 403 1443 intra
444 1413 623 1443 annum
661 1396 883 1443 eumdem
910 1395 1079 1442 tabella
1104 1405 1305 1460 utraque
1332 1414 1438 1443 con.

115 1484 358 1542 tineatur,
396 1480 554 1547 palam
591 1487 660 1527 est
682 1517 696 1539 ,
734 1478 795 1526 de
836 1480 980 1528 Votis
1017 1490 1170 1528 extra
1207 1481 1437 1528 ordinem

116 1585 221 1617 rem
257 1584 390 1615 esse:
430 1584 543 1614 nam
590 1585 709 1633 quae
745 1575 880 1614 stata
935 1575 1063 1614 erant
1085 1603 1099 1625 ‚
1139 1575 1185 1613 et
1222 1584 1395 1615 αηηιια
1417 1604 1429 1624 ,

121 1673 175 1702 ea
225 1674 251 1702 a
304 1653 646 1702 decedentibus
700 1652 1055 1719 Magistratibus
1117 1652 1281 1700 Mense
1341 1653 1436 1700 De-

122 1742 299 1791 cembri
335 1752 635 1810 nuncupata,
673 1741 990 1790 solvebantur·
1025 1757 1144 1787 anno
1183 1740 1435 1805 insequen-

123 1838 169 1875 te
208 1829 265 1875 ab
300 1830 356 1876 iis
382 1866 395 1887 ‚
434 1830 519 1895 qui
556 1826 794 1891 excepturi
832 1824 1023 1873 eosdem
1081 1833 1211 1872 erant
1247 1826 1297 1872 in
1333 1825 1435 1872 offi-

121 1917 194 1964 cio
232 1916 430 1977 eodem,
471 1934 522 1962 ac
559 1915 817 1981 digqitate3
859 1912 1072 1979 adeoque
1108 1914 1157 1960 in
1194 1912 1310 1962 votis
1346 1929 1434 1960 cm-

117 2008 234 2052 nnis
257 2008 551 2070 „statisque
588 2021 681 2050 non
720 2000 863 2049 iidem
902 2001 1158 2062 Consules,
1200 2009 1244 2048 et
1280 2001 1435 2064 Magi-

117 2098 289 2136 stratus
327 2089 467 2154 plane
505 2090 696 2136 diversi.
737 2087 884 2149 Quod.
921 2105 1029 2134 cum
1085 2103 1214 2135 secus
1263 2087 1436 2133 factum

122 2175 176 2221 in
210 2175 361 2222 titulis
385 2176 716 2242 Pompeiorum
754 2174 991 2223 nonnullis
1026 2175 1226 2232 votivis,
1268 2173 1327 2220 de
1353 2189 1435 2221 vo-

119 2262 181 2309 tis
219 2266 522 2329 imperativis
545 2303 557 2325 ,
597 2274 648 2312 ut
684 2273 891 2323 vocant,
933 2262 1276 2328 indictivisque
1313 2260 1434 2325 cogi-

126 2351 321 2399 tandum
361 2353 547 2401 videtur
569 2391 583 2415 ‚
623 2369 744 2420 quae
780 2351 836 2399 ab
874 2349 1039 2398 iisdem
1075 2347 1348 2400 Duumviris
1386 2353 1431 2394 et
