1627 2818
222 205 280 264 ¹4⁰

217 289 441 355 Capitone
476 286 752 335 Cossutiano
788 284 1021 333 Thraseae
1058 284 1351 343 obiectante,
1389 287 1521 351 quod

212 377 479 442 sategisset:
518 375 763 440 principio
800 376 922 418 unni
959 374 1116 421 vitare
1153 373 1389 420 sollemne
1426 377 1525 421 ius-

215 461 486 509 iurandum
530 478 542 517 ;
623 458 1076 524 nuncupationibus
1129 468 1349 509 votorum
1420 477 1522 508 non

217 548 397 596 adesse
423 583 435 605 ,
475 549 695 613 quamvis
735 532 1182 608 Quindecinwirali
1217 544 1522 593 Sacerdotio

217 633 536 698 praeditum-z
577 617 844 695 numquam
879 648 973 696 pro
1025 633 1186 679 salute
1223 632 1479 697 Principis
1507 670 1523 692 .,

217 731 306 768 aut
343 720 549 768 caelesti
585 738 701 768 voce
735 719 1079 767 immolavisse.
1121 718 1425 782 Quamquam
1462 718 1522 766 de

217 824 349 855 more
384 806 600 854 sollemni
661 806 990 873 nuncupandi
1044 814 1158 858 vota
1216 822 1310 870 pro
1364 809 1526 854 salute

217 893 473 958 Principis
495 929 507 951 ,
546 893 828 956 caeterisque
863 909 982 955 quae
1018 890 1286 939 felicitatem
1324 891 1423 937 eius
1461 901 1526 938 atf-

215 980 420 1024 tinerent
443 1015 456 1037 ,
496 976 582 1023 etsi
620 977 772 1023 Taciti
813 976 1083 1023 testimonio
1120 975 1522 1036 destitueremur,

214 1081 287 1111 res
323 1065 423 1129 ipsa
458 1063 705 1110 manifesta
765 1063 881 1110 adeo
915 1080 1002 1126 per
1039 1079 1086 1109 se
1125 1070 1195 1109 est
1230 1062 1281 1108 in
1314 1071 1410 1110 tota
1446 1082 1526 1111 ann

215 1151 433 1214 tiquitate
455 1186 465 1205 ,
506 1149 857 1213 Arvaliumque
892 1133 1141 1212 praecipue
1177 1151 1523 1210 1nonumentis‚

217 1244 270 1283 ut
304 1235 385 1301 qui
421 1235 470 1280 in
506 1252 559 1281 eo
595 1229 776 1282 diu'tius
812 1233 998 1279 haereat
1021 1269 1033 1290 ‚
1074 1251 1185 1279 cnm
1221 1252 1273 1281 eo
1330 1236 1531 1282 conferri

216 1321 357 1368 facile
397 1330 566 1385 queat,
607 1320 691 1385 qui
728 1320 849 1366 faces
885 1317 1058 1364 inferat
1092 1319 1142 1364 in
1177 1318 1333 1365 lucem
1384 1322 1525 1369 meri-

217 1407 424 1454 dianam.
464 1408 526 1453 Et
562 1404 950 1471 quandoquidem
987 1403 1047 1449 de
1074 1404 1326 1454 Arvalibus
1362 1406 1530 1453 iniecta

217 1495 396 1540 mentio
422 1494 471 1542 ἐν
495 1492 702 1555 παροδῳ,
743 1490 1066 1550 considerent,
1106 1509 1277 1556 quaeso
1302 1529 1314 1551 ‚
1354 1492 1528 1556 quibus

217 1587 455 1644 tantopere
492 1578 848 1627 incommodant
883 1577 1083 1624 ministri
1121 1594 1356 1626 sacrorum
1383 1578 1529 1625 Pom-

223 1666 380 1729 peiani
403 1702 414 1723 ‚
455 1666 605 1730 primo
641 1665 742 1711 loco
779 1663 1058 1722 constituti,
1089 1680 1232 1728 quam
1268 1664 1483 1729 frequens
1512 1701 1523 1721 ,

223 1751 598 1816 splendidusque
652 1751 712 1799 cle
748 1751 818 1797 his
856 1750 972 1797 inihi
1008 1765 1159 1796 sermo
1209 1749 1386 1796 redeat.
1431 1749 1526 1795 lni-

221 1837 351 1885 tiales
387 1839 548 1904 itaque
587 1838 646 1884 D.
687 1838 750 1883 V.
792 1838 854 1882 V.
898 1838 1193 1885 Duumviros
1243 1835 1529 1899 interpretor

215 1923 464 1971 Votorum
482 1959 495 1980 ,
526 1939 610 1968 seu
639 1921 801 1970 Votis.
832 1921 902 1966 Ex
929 1938 1021 1987 quo
1047 1918 1356 1968 sacerdotalis
1379 1907 1521 1974 'fivia

219 2009 415 2056 istorum
453 2024 499 2054 se
537 2006 697 2072 prodit
733 2007 936 2074 dignitas
961 2044 973 2065 ‚
1012 2025 1094 2072 pro
1130 2024 1323 2054 numero
1351 2008 1525 2058 duum-

223 2094 358 2155 Vii'ali
385 2132 398 2154 ,
438 2096 716 2162 municipali
752 2095 970 2143 tenuitati
1006 2093 1256 2141 adcomoda
1280 2133 1291 2153 ‚
1332 2097 1524 2161 quaein

229 2183 363 2230 Urbe
399 2193 610 2232 aeterna
645 2181 1092 2244 Quindecimviralis
1146 2189 1257 2226 erat.
1300 2181 1421 2227 Hine
1470 2179 1523 2226 τοὶ

221 2257 429 2318 TIIVIR.
470 2270 529 2316 A.
572 2270 634 2316 V.
675 2270 735 2316 D.
777 2269 818 2316 I.
860 2286 978 2334 quae
1027 2276 1205 2316 tantum
1242 2267 1482 2314 Bimardio
1508 2306 1523 2328 ,

228 2369 314 2402 nec
349 2356 448 2402 sine
485 2371 643 2403 caussa
667 2394 679 2417 ⁷
718 2356 953 2403 facessiere
987 2354 1196 2420 negotii,
1236 2353 1301 2400 sic
1336 2354 1522 2402 fortasse
