1627 2818
1352 210 1411 256 13

114 316 154 345 π.
179 297 382 345 insolens
403 292 837 360 Quinquennalium
867 292 1137 340 communio
1158 306 1266 337 cum
1283 277 1406 341 fivi-

108 386 168 430 ris
206 393 304 431 tum
339 382 375 427 I.
415 382 474 428 D.
516 390 620 429 tum
655 381 716 425 V.
747 379 803 426 A.
834 378 883 425 S.
927 380 973 425 in
1012 386 1107 424 tota
1144 377 1232 422 hac
1258 374 1404 423 Pom-

104 470 378 533 peianorum
431 467 489 514 cle
535 485 584 514 re
632 484 757 513 sacra
796 469 1054 523 οἰκονομιᾳ.
1099 480 1142 513 2.
1187 462 1412 511 Defectus

107 548 425 616 exemplorum
476 554 524 599 in
577 561 674 599 tota
711 554 983 618 antiquitate
1021 550 1405 616 Quinquennales

106 657 189 704 per
213 639 271 685 D.
298 641 357 683 V.
384 640 443 684 V.
468 639 786 687 exhibentium
806 676 816 696 ,
858 656 973 704 quos
1009 638 1149 685 latere
1186 643 1414 703 perpetuo

105 734 393 790 compertum
431 735 498 771 est
523 726 609 770 sub
635 724 825 771 vocibus
849 723 1116 789 Quinquen
1140 742 1151 780 3
1198 723 1407 789 Quinq„

107 813 167 868 Q.
211 811 271 866 Q.
314 809 452 855 semel
491 826 571 872 per
609 809 748 870 QQV
785 809 877 876 (1).
921 807 968 855 3.
1009 809 1221 874 Tempus
1260 808 1418 866 Quin..

103 896 408 960 quennalitati
445 898 729 961 praefixum,
769 915 887 962 quae
927 895 987 942 ad
1023 895 1413 961 quinquennium

104 982 336 1038 manebat,
378 992 603 1047 perpetua
640 976 912 1047 dignitate,
953 983 1038 1029 etsi
1075 998 1171 1027 non
1210 980 1413 1028 iurisdi-

105 1073 293 1127 ctione,
334 1077 386 1116 ut
421 1069 628 1119 Oliverio
666 1069 891 1134 placitum
928 1069 1037 1134 (2),
1077 1067 1160 1134 qui
1198 1081 1301 1113 earn
1340 1068 1411 1112 in-

104 1162 172 1199 tra
209 1156 315 1200 anni
352 1156 492 1202 unius
517 1156 742 1201 ambitum
770 1164 966 1202 coercet.
994 1155 1172 1202 Verum
1199 1155 1248 1199 in
1274 1154 1416 1201 Pom-0

105 1240 319 1302 peiorum
354 1240 478 1284 hisce
514 1241 679 1286 nostris
715 1241 856 1286 sacris
891 1241 949 1285 ab
989 1257 1107 1286 anno
1143 1240 1318 1286 Christi
1346 1238 1409 1286 23

105 1324 164 1372 ad
203 1325 294 1385 34,
336 1324 594 1374 intercursu
631 1324 853 1373 videlicet
891 1331 1122 1374 annorum
1159 1320 1407 1387 undecim,

105 1419 355 1476 quaternae
391 1420 640 1459 occurrunt
677 1411 999 1460 Duumvirfim
1037 1423 1304 1461 nostrorum
1339 1415 1417 1460 bi-

110 1512 227 1561 gae,
266 1513 372 1543 cum
407 1497 485 1546 v'ix
522 1498 683 1545 tertiae
718 1497 859 1545 locus·
885 1499 1032 1559 foret,
1072 1503 1110 1546 si
1158 1499 1218 1546 de
1255 1500 1412 1558 Quin-

110 1582 421 1648 quennalibus
457 1602 528 1632 res
566 1593 698 1632 esset.

180 1668 317 1716 Nunc
352 1669 412 1716 ad
447 1672 696 1720 initialium
734 1681 1000 1721 nostrarum
1036 1674 1133 1721 vim
1156 1690 1407 1738 assequen-

108 1752 220 1800 dam
272 1757 481 1805 semitam
533 1768 753 1806 monstrat
805 1760 998 1807 Tacitus
1033 1760 1108 1825 (3)
1137 1799 1150 1820 ‚
1202 1759 1261 1806 de
1321 1779 1415 1826 qua

113 1843 236 1890 viam
270 1843 415 1891 facere
449 1863 534 1910 pro
570 1845 749 1894 viribus
786 1845 997 1894 conabor.
1039 1847 1193 1896 Locus
1247 1856 1315 1894 est
1349 1847 1412 1895 de

183 2100 260 2167 (Ι)
294 2105 474 2152 Marm.
516 2108 703 2155 Pisazcr
741 2119 840 2154 not.
882 2101 1148 2156 XXVIII.
1189 2128 1238 2174 p.
1282 2108 1363 2167 84.

184 2188 260 2254 (2)
294 2192 479 2241 Marm.
537 2195 740 2244 Pisazcr.
798 2207 901 2245 not.
943 2195 1176 2245 XXVII.
1233 2215 1285 2262 p.
1328 2214 1408 2264 70.

117 2292 167 2323 se
239 2313 247 2321 .

171 2293 264 2429 (Z)
299 2367 487 2421 Annal.
528 2371 635 2420 Lib.
679 2370 831 2419 XVI.
