1627 2818
210 319 366 387 prImo
417 318 519 366 loco
573 327 766 366 crealus.
831 315 998 376 Itane,
1059 317 1210 382 inquis
1241 353 1253 374 ‚
1310 315 1512 382 Epidius

214 412 427 474 quintum
480 405 743 452 Praefectus
788 442 800 464 ,
873 422 932 464 τῳ
986 420 1145 461 QV1NQ.
1206 404 1378 450 scilicet
1429 421 1514 468 pro

212 496 473 559 quinquies
526 501 748 558 usurpato
776 495 803 539 Ρ
838 493 901 538 ita
955 509 1059 538 sane
1090 529 1101 550 ‚
1154 492 1242 538 aio.
1287 492 1383 538 Cur
1420 509 1513 538 non

213 577 652 644 chinqzcermalem
680 615 693 637 ,
733 579 917 642 reponis
947 615 959 636 ,
999 577 1182 625 olfacias
1210 581 1238 624 ?
1276 577 1515 623 Nimirum

216 664 605 729 Quinquennales
644 664 821 728 praeire
859 663 1111 710 Praefectis
1140 661 1177 709 I.
1201 663 1260 709 D.
1290 680 1518 728 nusquam

210 750 448 796 memini:
506 759 551 795 et
587 767 637 795 το
689 766 848 807 vaQ.
891 758 1125 814 praeterea
1179 750 1227 795 in
1263 767 1313 796 re
1371 751 1517 797 simili

209 835 329 882 infra
383 845 594 882 occurret
647 837 695 882 in
751 853 851 882 eam
886 835 1027 899 plane
1086 836 1470 902 significationem
1500 874 1513 895 ‚

213 938 353 986 quam
392 919 547 967 eidem
581 937 705 966 nunc
740 913 1035 966 subiecimus.

282 1007 398 1053 Viri
432 1006 494 1050 V.
535 1004 594 1051 A.
634 1005 685 1052 S.
727 1006 841 1052 item
896 1002 1022 1060 duo,
1075 1004 1134 1051 L.
1175 1023 1342 1071 nempe
1390 1009 1516 1056 Lici-

213 1096 349 1152 nius,
390 1100 435 1138 et
459 1091 516 1138 C.
555 1091 725 1150 Adius,
766 1109 822 1138 ex
859 1109 952 1157 quo
980 1092 1195 1140 Gadium
1221 1093 1406 1151 Rufum
1431 1095 1520 1142 Ta-

210 1180 288 1227 citi
323 1179 401 1244 (1)
439 1177 570 1224 facile
608 1177 802 1224 inducar
827 1214 839 1235 ,
878 1186 931 1223 ut
965 1178 1014 1223 in
1046 1177 1101 1223 C.
1130 1178 1311 1226 Adiutn
1335 1181 1514 1228 Rufum

214 1265 514 1311 distrahafflr.
544 1262 641 1310 Sed
666 1280 801 1308 eccur
826 1262 873 1306 hi
894 1297 906 1316 ‚
945 1261 1041 1306 duo
1065 1279 1177 1307 cum
1215 1266 1308 1310 sint
1332 1304 1344 1324 ,
1383 1268 1512 1315 VIR.

216 1348 366 1399 απλως
413 1351 706 1415 nuncupati,
746 1365 836 1394 non
872 1347 932 1393 D.
975 1346 1035 1391 V.
1075 1346 1151 1396 vel
1188 1346 1249 1392 II.
1292 1349 1418 1396 VIR.
1459 1362 1511 1399 ut

210 1437 260 1483 in
296 1437 485 1484 caeteris
521 1436 617 1482 fere
655 1436 837 1501 generis
872 1432 1055 1479 huius?
1093 1433 1159 1479 nil
1195 1435 1316 1482 istuc
1353 1437 1463 1484 mali
1494 1458 1506 1486 ε

211 1541 321 1569 nam
357 1522 552 1582 Licinii,
593 1530 639 1568 et
674 1521 785 1569 Adii
825 1519 1087 1566 nominibus
1122 1521 1327 1568 recitatis
1351 1561 1364 1582 ‚
1404 1525 1513 1572 nul-

210 1608 286 1655 lus
323 1608 382 1655 de
420 1625 613 1654 numero
649 1605 932 1654 dubitationi
970 1605 1111 1652 locus,
1153 1606 1288 1653 Idem
1337 1609 1513 1658 factum

211 1689 329 1742 infrssa
367 1695 636 1742 videbimus
673 1694 719 1741 in
749 1709 974 1741 marmore
1011 1692 1150 1740 simili
1179 1711 1326 1758 nuper
1374 1696 1513 1743 Pom-

213 1783 313 1848 peis
349 1781 523 1828 effosso.

282 1866 546 1933 Singularis
607 1868 829 1914 marmori
884 1866 992 1914 huic
1045 1865 1188 1931 gratia
1250 1866 1466 1914 habenda
1496 1907 1509 1929 ‚

218 1951 345 2017 quod
394 1952 448 1997 P.
490 1959 779 2016 postremum
832 1950 890 1998 de
948 1950 1196 1997 initialium
1249 1962 1512 2001 nostrarum

216 2038 476 2104 septenario
539 2038 751 2084 exhibuit
809 2037 954 2085 literis
1006 2046 1200 2103 quatuor
1238 2074 1250 2096 ,
1308 2039 1398 2085 hoc
1447 2050 1515 2087 est

216 2123 408 2172 PROC:
450 2122 560 2172 inde
598 2124 721 2171 enim
759 2133 884 2171 certo
937 2123 1094 2190 colligi
1141 2123 1275 2170 datur
1299 2161 1309 2181 ‚
1351 2126 1510 2191 singn-

284 2380 529 2444 (1)Ann.
572 2383 629 2429 L.
671 2382 798 2432 XII.
