1627 2818
1354 223 1371 253 1
1391 225 1406 254 1

111 305 198 356 que
234 285 498 334 conditione
526 323 539 346 ,
580 285 792 334 officiove
821 323 832 345 ‚
872 285 946 336 vel
985 295 1185 354 utroque
1219 290 1362 338 simul
1390 331 1405 351 ‚

107 376 315 422 Famuli.
344 373 405 420 At
430 374 631 438 inquies.
663 373 899 419 Ministros
921 374 1196 422 huiusmodi
1227 378 1407 440 praeire

103 453 260 514 fivhis
298 476 399 513 tum
435 463 686 523 Civilibus,
725 474 827 514 tum
864 464 1018 512 Sacris
1041 503 1051 523 ‚
1091 474 1144 514 ut
1180 467 1227 512 in
1263 469 1409 516 titulis

100 551 430 617 Pompeiorum
485 553 704 599 omnibus
760 569 944 599 cernere
1001 560 1068 599 est
1089 590 1101 611 ‚
1143 554 1301 618 ecquis
1356 556 1405 601 in

102 639 308 685 animum
345 637 635 686 induxerit?
672 637 743 684 Ita
779 654 949 702 nempe
985 639 1068 702 qui
1117 639 1320 685 tenebris
1356 640 1408 686 in

99 723 204 771 luce
241 722 495 769 meridiana
532 724 715 769 inhiant
738 760 752 782 ,
791 724 1179 789 quaestionesque
1214 742 1309 772 non
1334 743 1408 772 ra-

99 810 222 854 tione
245 845 258 866 ‚
298 805 380 852 sed
417 806 582 854 affectu
618 808 764 874 magiS
790 845 804 867 ‚
844 806 1256 875 praeiudicataque
1306 811 1409 874 opi-

99 893 271 951 nione,
320 894 557 940 aestimare
615 900 970 942 consueverunt.
1014 893 1056 938 A
1093 893 1267 957 quibus
1318 895 1407 942 sci-

100 979 251 1025 scitari
309 979 477 1037 lubet,
534 980 583 1024 in
638 997 843 1043 quonam
904 978 1108 1025 Ministri
1146 978 1211 1024 'hi
1265 982 1410 1026 nostri

100 1064 376 1113 Duumviris
410 1072 629 1129 praeeunt
666 1072 765 1111 tum
794 1063 1029 1113 Civilibus
1050 1100 1061 1121 ‚
1100 1072 1205 1113 tum
1230 1062 1411 1112 Sacris?

98 1151 299 1196 Loci-ne
323 1185 335 1208 ,
375 1168 432 1196 an
470 1150 615 1196 officii
651 1149 921 1215 dignitate?
957 1148 1010 1195 Si
1047 1148 1108 1195 de
1147 1149 1252 1196 loco
1279 1167 1412 1199 mero

101 1236 310 1302 quaestio
346 1236 437 1293 sit,
478 1234 713 1298 proferant
734 1271 749 1293 ‚
789 1235 985 1280 ubinam
1021 1237 1326 1283 constitutum
1349 1235 1412 1282 de

102 1331 224 1368 certo
259 1321 314 1368 iis
351 1319 452 1366 loco
487 1319 536 1365 in
572 1318 733 1366 titulis·
756 1318 1047 1386 adsignando
1070 1358 1083 1380 ‚
1137 1339 1248 1369 cum
1285 1321 1410 1368 Con-

102 1406 222 1454 sules
257 1407 344 1470 ipsi
380 1403 619 1453 interdum
673 1406 810 1452 initio
834 1444 847 1466 ,
886 1404 1014 1455 haud
1066 1424 1171 1454 raro
1219 1408 1271 1454 in
1308 1426 1415 1456 me-

103 1493 214 1550 dio,
253 1490 538 1555 saepiuscule
574 1491 623 1536 in
649 1491 739 1537 fine
775 1492 1136 1556 inscriptionum
1170 1495 1412 1560 consigna-

102 1579 139 1624 ti
175 1577 459 1625 occurrant?
495 1578 547 1625 Si
582 1578 643 1626 ad
680 1576 963 1644 dignitatem
1016 1596 1166 1626 sermo
1214 1581 1409 1627 transfe-

106 1672 270 1725 ratur,
312 1682 462 1714 nonne
497 1666 603 1713 satis
656 1665 808 1711 fuerat
835 1700 847 1721 ‚
885 1664 1142 1714 Ministros
1193 1664 1362 1714 dixisse
1383 1671 1413 1715 ?

106 1751 274 1816 Ipsum
310 1770 391 1816 per
440 1770 486 1800 se
525 1754 745 1801 Ministri
778 1769 947 1798 nomen
1001 1753 1229 1800 inferioris
1282 1755 1411 1802 ordi-

104 1838 174 1883 nis
210 1837 420 1886 homines
457 1841 503 1884 in
541 1857 589 1885 re
615 1856 742 1885 sacra
778 1839 1042 1904 peragenda
1075 1841 1149 1888 vel
1185 1842 1413 1889 tironibus

106 1924 355 1987 praedicat.
396 1925 627 1973 Additum
665 1924 722 1971 ad
760 1926 902 1984 haec,
942 1943 1016 1972 eos
1052 1936 1097 1973 et
1135 1945 1203 1976 ex
1239 1929 1410 1976 Deca-

105 2014 297 2058 riomcm
332 2012 532 2061 decreto
556 2050 568 2071 ‚
609 2022 654 2059 et
681 2016 820 2060 iussu
854 2020 1085 2078 praeterea
1111 2014 1171 2060 D.
1193 2013 1253 2058 V.
1279 2013 1320 2059 I.
1343 2014 1406 2061 D.

107 2110 151 2147 et
185 2101 365 2148 IIVIR.
405 2104 467 2149 V.
509 2104 566 2150 A.
608 2104 658 2152 S.
700 2122 785 2151 suo
837 2103 1033 2171 defungi
1095 2104 1263 2152 officio.
1306 2105 1407 2153 Nec

104 2196 215 2250 puto
268 2188 348 2235 abs
401 2190 645 2237 titulorum
700 2199 958 2238 nostrorum
1017 2192 1284 2240 auctoribus
1333 2193 1408 2257 agi

106 2274 381 2334 prudentius
400 2314 417 2340 ᾖ
453 2277 805 2343 consultiusque
841 2278 1047 2344 potuisse
1071 2317 1084 2338 ‚
1124 2279 1161 2326 si
1186 2279 1278 2327 iam
1304 2286 1406 2326 tum

108 2357 198 2407 tela
231 2362 461 2428 depellere
494 2366 830 2431 praecavissent
850 2402 865 2427 ‚
905 2375 1026 2431 quae
1061 2366 1108 2412 in
1143 2365 1268 2431 ipsos
1293 2365 1405 2414 olim
