1627 2818
237 223 292 253 22

225 291 378 339 forent
414 289 607 357 quidam
644 288 846 347 iacturi3
887 296 1004 355 quos
1041 288 1150 335 ideo
1187 287 1288 336 falli
1349 298 1525 338 certum

224 387 323 437 est,
363 376 490 443 quod.
527 374 584 421 de
620 375 930 422 Ethnicorum
983 378 1119 423 sacris
1157 394 1181 422 e
1220 377 1379 424 nostris
1440 377 1524 424 de*

228 480 416 510 cernere
452 470 624 507 amant.
665 461 832 508 Nostra
869 462 1040 527 quippe
1077 479 1203 509 sacra
1243 462 1262 526 (
1291 479 1347 508 an
1375 464 1522 529 magis

225 551 415 596 unicum
435 587 448 609 ‚
472 548 905 612 sanctissimumque
925 547 1185 594 SAGRVM
1204 557 1413 596 nostrum
1433 565 1527 594 om-

222 635 422 702 niumP)
444 635 605 694 verb0‚
633 635 843 700 factoque
867 635 1102 682 Pontificis
1128 636 1269 682 unius
1294 644 1522 684 constant:

222 722 542 770 ministrorum
566 738 702 785 opera
727 736 908 766 sacrum
935 721 1088 784 ipsum
1113 723 1396 769 extrinsecus
1427 729 1524 768 tan-

217 815 318 852 tum
343 846 354 865 ‚
395 818 440 855 et
475 817 528 854 ut
563 808 627 853 ita
665 806 824 854 dicam
846 844 860 868 ,
899 807 960 855 de
995 805 1255 873 longinquo
1293 809 1526 874 attingit:

216 892 388 939 Contra
424 895 471 938 in
507 892 820 938 Etlmicorum
869 893 1006 938 sacris
1037 929 1050 952 ,
1108 893 1254 939 totius
1309 894 1530 958 supersti-

217 980 354 1026 tionis
412 978 726 1026 refertissimis
754 1016 766 1037 ‚
826 978 1105 1025 Pontificum
1165 980 1358 1044 quidem
1422 999 1529 1047 pars

214 1064 604 1130 praestantissima
628 1101 640 1122 ,
680 1063 1021 1112 Ilffc'nz‘stroram
1062 1081 1198 1128 opera
1252 1068 1518 1134 praecipua.

220 1149 316 1198 Sed
352 1149 401 1195 in
439 1149 512 1195 his
567 1150 739 1196 morari
792 1148 968 1196 diutius
991 1188 1004 1210 ,
1046 1158 1091 1196 et
1126 1151 1275 1216 pudet
1299 1190 1311 1212 ,
1351 1163 1396 1200 et
1429 1163 1526 1201 tae-

219 1235 317 1282 det.
357 1235 434 1281 Ad.
487 1235 626 1299 siglas
684 1236 823 1282 redeo
849 1272 863 1295 a
918 1251 1116 1300 quarum
1151 1237 1205 1282 P.
1246 1247 1531 1301 postremam

219 1321 340 1369 intra
374 1323 790 1393 Procurator‘iam
824 1320 1054 1367 familiam
1091 1322 1342 1384 contineri,
1382 1343 1522 1390 supra

220 1416 343 1455 certo
380 1408 551 1454 certius
589 1407 940 1455 constituimus

281 1494 382 1541 Nec
416 1494 574 1540 minus
601 1502 812 1553 certum,
849 1500 1097 1557 ratumque
1119 1529 1131 1552 ,
1172 1493 1347 1556 priores
1372 1494 1435 1541 D.
1458 1496 1521 1543 V.

226 1597 322 1628 esse
349 1581 657 1630 Duumviros
676 1614 688 1638 ,
730 1579 1117 1646 quandoquidem
1154 1580 1199 1626 in
1224 1579 1525 1644 Pompeianis

216 1664 342 1713 hisce
376 1665 544 1712 nostris
580 1665 726 1713 titulis
763 1664 1082 1731 saepiuscule,
1120 1663 1220 1711 loco
1255 1668 1308 1712 τὲ
1348 1665 1406 1712 D.
1451 1668 1513 1712 V.

213 1758 412 1805 occurrit
448 1757 578 1806 VIR.
619 1767 699 1804 aut
735 1747 907 1804 HVIR
935 1758 1030 1804 sine
1069 1756 1251 1804 nucleo.
1292 1756 1521 1821 Reliquae

213 1853 322 1891 sunt
375 1845 520 1912 igitur
573 1844 757 1892 mediae
809 1845 869 1889 V.
914 1844 972 1890 A.
1016 1842 1067 1890 S.
1107 1844 1161 1889 P.
1190 1881 1201 1902 ‚
1242 1844 1413 1910 quibus
1467 1845 1528 1891 ita

211 1931 346 1978 adfici
382 1931 651 1998 singularias
690 1931 749 1976 D.
779 1930 841 1974 V.
898 1946 1078 1976 necesse
1119 1930 1309 1975 omnino
1346 1931 1435 1988 sit,
1475 1939 1527 1976 ut

214 2015 349 2065 adfici
404 2016 594 2064 eaedem
646 2017 795 2064 solent
852 2015 1024 2062 additis
1061 2015 1098 2061 I.
1139 2015 1199 2060 D.
1245 2015 1319 2064 vel
1373 2017 1434 2075 Q.
1460 2017 1520 2075 Q.

212 2102 288 2153 vel
324 2103 589 2161 MONET3
630 2121 686 2150 ne
736 2102 915 2169 singula
953 2118 1216 2168 persequar.

276 2189 493 2252 Suspicio
531 2189 643 2236 olim
693 2191 941 2237 incesserat
976 2189 1129 2238 virum
1164 2186 1520 2253 gravissimum,

210 2275 475 2340 singulariis
513 2275 569 2321 D.
612 2276 671 2321 V.
715 2276 774 2320 V.
848 2275 1010 2322 referri
1069 2290 1200 2337 posse
1258 2274 1516 2321 chzmwir.

210 2360 639 2428 Qccinqaemzales.
682 2360 912 2410 Labilem
949 2361 1259 2408 coniecturam
1317 2368 1518 2426 arguunt
