1627 2818
193 201 262 260 24

191 294 462 351 nuncupata
493 323 507 346 ,
546 296 589 334 et
644 287 811 336 soluta.
851 287 947 336 Sed
1007 286 1172 334 horum
1226 290 1306 354 qui
1354 287 1509 337 locum

193 378 399 445 priorem
427 414 440 436 ,
479 392 563 440 pro
600 375 826 442 dignitate
855 413 868 434 ,
907 376 960 421 in
997 375 1091 423 voti
1143 378 1508 440 nuncupatione

191 467 393 514 sortitus.
437 472 535 511 erat
562 501 576 523 ‚
615 466 814 510 alterum
851 465 937 514 τῆσ
976 462 1232 518 ὀικονομιοις
1285 464 1418 525 ἕνεκαΧ
1460 462 1509 508 in

194 552 293 598 voti
330 550 540 597 eiusdem
577 548 802 596 solutione
840 548 1112 595 obtinebat:
1155 556 1235 593 aut
1264 566 1316 595 ea
1339 547 1506 594 fortas-

199 637 259 682 sis
296 636 356 683 de
392 654 579 694 caussa,
619 634 747 701 quod
784 635 973 682 alternis
1008 644 1250 700 praeerant
1303 638 1501 693 saeris,

194 730 251 767 ut
287 722 346 769 (le
381 719 666 768 Consulibus
691 720 870 768 Romae
892 756 906 778 ,
945 719 1005 765 de
1030 721 1308 769 Duumviris
1343 721 1392 767 in
1415 722 1506 769 Co-

203 808 340 855 loniis
370 845 383 868 ,
423 807 829 871 Municipiisque,
882 814 1059 852 constat
1107 807 1226 853 inter
1281 806 1507 853 eruditos.

271 893 371 940 Sed
406 892 550 939 fuerit
586 891 778 954 quidem
800 929 814 950 ‚
854 891 1035 954 inquies
1060 927 1070 947 ,
1110 892 1435 940 Ministrorum
1461 894 1509 940 in

205 980 326 1029 votis
363 977 551 1044 publice
589 977 824 1027 solvendis
860 995 999 1043 opera
1034 979 1300 1041 praecipua.
1329 981 1514 1027 Verum

211 1065 381 1130 ecquid
415 1063 583 1111 iisdem
617 1064 664 1110 in
701 1065 1048 1129 nuncupatione
1094 1074 1312 1112 votorum
1342 1105 1355 1125 ‚
1396 1085 1516 1132 quae

205 1153 268 1199 ad
303 1152 638 1217 Magistratus,
678 1150 1028 1216 Principesque-
1049 1151 1187 1198 Viros
1223 1154 1518 1218 pertinebat?

211 1239 308 1285 Sed
345 1246 563 1285 votorum
601 1255 687 1302 ego
724 1237 1091 1300 nuncupationes
1149 1237 1397 1286 sollemnes
1446 1248 1519 1286 tu-

212 1324 492 1372 multuarias
541 1323 598 1368 ab
634 1321 691 1369 iis
738 1320 1042 1368 secernendas
1066 1357 1078 1378 ‚
1102 1339 1303 1389 ‘repono
1332 1362 1346 1384 ,
1398 1344 1518 1390 quae

211 1429 293 1476 per
346 1413 525 1468 otium,
567 1418 611 1455 et
660 1426 825 1473 pacem
861 1407 1069 1453 fiebant.
1110 1408 1280 1455 Prioris
1334 1414 1518 1476 generis

209 1498 315 1546 dico
336 1533 347 1552 ‚
390 1513 507 1561 quas
527 1495 604 1542 .‹le
639 1503 828 1558 repente
849 1532 862 1553 ,
902 1494 1063 1559 quales
1087 1495 1133 1542 in
1161 1495 1274 1542 belli
1312 1497 1514 1559 vicibus,

207 1584 265 1630 ab
320 1581 687 1646 Imperatoribus
742 1583 884 1628 factas
944 1579 1188 1627 interdum
1251 1583 1472 1631 novimus
1501 1622 1513 1642 ,

211 1687 325 1736 quas
362 1671 468 1715 satis
506 1669 684 1727 fuerat,
724 1668 863 1723 abiis
888 1666 1034 1732 palam
1072 1667 1364 1728 denuntiari,
1405 1687 1520 1734 quo-

209 1775 317 1804 rum
352 1758 403 1804 id
440 1757 554 1802 iuris
593 1764 707 1803 erat.
748 1754 1029 1801 Postea-ioris
1065 1755 1246 1819 generis
1285 1772 1358 1802 eas
1384 1756 1518 1812 dixe-

212 1846 306 1897 rim
330 1882 343 1902 7
382 1860 501 1909 quae
537 1861 620 1908 per
655 1844 837 1909 oti1.un‚
877 1851 922 1889 et
972 1856 1135 1906 pacem
1174 1858 1196 1885 a
1235 1839 1519 1907 Magistrati-'1

214 1931 305 1978 bus
340 1934 621 1999 praecipue7
662 1928 1087 1993 Sacerdotibusque
1141 1926 1312 1972 fiebant
1336 1964 1347 1986 ,
1406 1945 1521 1992 quas

215 2017 311 2062 siue
343 2019 667 2065 'Ministrorum
692 2033 851 2083 grege,
893 2014 1172 2077 caeterisque
1201 2014 1517 2072 caeremoniis,

217 2100 478 2166 iitibusque
516 2102 655 2149 saeris
693 2099 973 2166 procedere,
1027 2095 1264 2164 piaculum
1317 2095 1521 2143 habeba-

216 2199 320 2245 tur;
361 2187 516 2250 deque
569 2187 641 2233 his
678 2194 894 2234 votorum
953 2180 1377 2246 nuncupationibus
1430 2180 1523 2227 sol-

216 2272 456 2319 lemnibus
496 2270 703 2318 Tabulas
743 2280 921 2317 nostras
959 2267 1263 2331 Pompeianas
1315 2282 1410 2312 esse
1444 2266 1521 2311 in-

224 2355 496 2421 telligendas
525 2395 535 2414 ,
577 2373 821 2421 quousque
857 2358 977 2403 rima
1014 2354 1101 2401 alia
1136 2353 1381 2418 patuerit,
1429 2370 1521 2418 qua
