1627 2818
223 243 281 277 10

279 316 605 385 Min-istrorum
644 315 848 382 Augusti
882 323 1074 383 quartus
1112 316 1212 362 sine
1267 318 1524 364 cunctatio-

207 419 266 449 ne
320 400 535 450 Arrunti
583 402 654 449 M.
695 403 898 453 Servus.
962 402 1285 469 Singulariam
1335 404 1402 450 M.
1444 422 1521 458 την

205 489 439 551 &inpletum
476 496 588 552 puto
630 472 884 547 Arruntii,
927 489 1008 554 qui
1046 489 1234 537 fortasse
1260 493 1423 538 maior
1448 491 1521 537 di-

205 585 307 622 ctus
331 612 345 634 ,
384 583 437 620 ut
473 574 530 620 ab
570 574 798 622 Arruntio
835 575 926 621 alio
951 579 1144 624 iuniore
1182 584 1511 624 secerneretur.

204 664 269 711 At
305 661 343 707 si
380 661 484 725 quis
524 662 830 726 fflagistram
878 661 1108 721 mavelit,
1148 662 1262 709 huic
1311 681 1397 730 ego
1434 665 1522 711 mi·

201 751 326 797 nime
361 747 742 812 contradixerim.
784 747 885 794 Iam
922 765 1046 794 nunc
1085 749 1346 798 ll‘Iinistros
1383 750 1520 798 hosce

203 839 329 903 ipsos
365 835 583 900 Augusti
619 835 844 899 propius,
883 851 936 880 ac
970 833 1117 882 veluti
1171 832 1232 881 de
1280 835 1396 883 facie
1435 854 1521 883 no-

197 939 382 981 scamus
406 958 418 979 ,
458 938 517 967 ne
555 919 616 965 de
654 919 847 965 illorum
902 919 1173 966 conditione
1199 958 1211 980 ‚
1269 921 1522 986 officioque

199 1005 474 1073 ambigendi
515 1005 638 1052 ultra
691 1005 892 1070 supersit
927 1003 1077 1052 locus.
1116 1005 1260 1052 Plane
1304 1007 1522 1054 Ministri

198 1093 428 1141 eiusmodi
463 1091 731 1158 Augustum
769 1093 834 1138 ita
872 1090 1132 1138 attinebant
1167 1091 1383 1155 Pompeis
1405 1129 1418 1152 ‚
1463 1101 1520 1138 ut

194 1180 369 1234 Larino
405 1178 674 1227 Martiales
693 1215 705 1237 ,
746 1180 793 1224 in
818 1178 980 1226 Sicilia
1007 1179 1230 1227 Venerei
1252 1215 1265 1238 ,
1305 1195 1516 1245 quorum

195 1266 246 1313 hi
293 1265 504 1323 Veneri,
557 1264 628 1309 illi
683 1265 827 1309 Marti
881 1272 1014 1309 erant
1067 1264 1264 1310 addicti.
1305 1264 1514 1312 Praestat

197 1370 301 1400 rem
354 1369 542 1398 omnem
580 1369 603 1397 a
641 1348 825 1416 Tullio·
858 1349 1036 1395 discere
1073 1349 1185 1413 (1):
1247 1350 1515 1400 Martiales

197 1439 398 1505 quidam
454 1437 632 1486 Larini
683 1438 1011 1502 appellantur
1048 1435 1352 1484 MINISTRI
1406 1439 1514 1484 PV-

199 1523 369 1570 BLICI
406 1523 588 1572 Martis
612 1560 625 1581 ‚
666 1535 814 1589 atque
852 1526 898 1571 ei
933 1524 1043 1571 Deo
1080 1524 1324 1572 veteribus
1373 1528 1512 1572 insti-

202 1615 356 1669 tutis,
419 1611 841 1677 religionibusque
900 1609 1217 1659 Larinatium
1270 1610 1509 1659 CONSE-

196 1696 391 1745 CRATI
421 1734 435 1756 ‚
487 1715 695 1764 qaorum
757 1716 868 1745 cam
903 1701 1027 1746 satis
1079 1716 1291 1762 magnas
1344 1717 1508 1747 nnme-

195 1802 286 1833 ras
322 1794 450 1833 esset
472 1802 485 1840 =;
529 1802 737 1852 eamque
774 1788 886 1832 item
910 1822 922 1843 ‚
959 1793 1020 1831 ac
1057 1787 1108 1830 in
1152 1784 1336 1833 Sicilia
1390 1805 1505 1850 per-

194 1871 332 1918 multi
357 1869 650 1916 VENEREI
677 1883 794 1920 sant
818 1909 830 1930 ,
869 1876 945 1919 sie
969 1872 1045 1918 illi
1069 1868 1244 1917 Larini
1267 1876 1319 1918 in
1348 1872 1505 1918 MAR-

194 1956 297 2002 TIS
337 1955 606 2003 FAMILIA
643 1968 1036 2007 numerarentur.
1079 1955 1199 2003 Sunt
1235 1957 1379 2023 igitur
1416 1958 1504 2004 Mi-

193 2042 330 2088 nistri
366 2041 413 2087 hi
451 2059 611 2091 omncs
648 2053 693 2090 et
716 2043 1158 2101 CONSECRATI,
1199 2052 1244 2089 et
1270 2053 1502 2108 praeterea

195 2129 254 2175 de
294 2129 392 2175 eius
418 2129 506 2176 Dei
533 2130 802 2176 FAMILIA
823 2169 836 2190 ‚
866 2131 940 2178 cui
966 2129 1280 2179 inserviebant
1305 2168 1317 2189 ‚
1358 2131 1498 2178 adeo-

260 2388 336 2454 (1)
374 2390 476 2438 Pro
518 2393 715 2439 Claent.
759 2393 804 2455 ξ.
847 2391 1001 2442 XIV.
